%online source
@online{sample,
    author  = {},
    title   = {},
    year    = {},
    url     = {},
    note    = {Accessed: }
}
%research paper
@article{sample,
    author  = {},
    title   = {},
    year    = {},
    journal = {},
    url     = {},
    note    = {Accessed: }
}
%conference paper
@inproceedings{sample,
    author      = {},
    title       = {},
    booktitle   = {},
    year        = {},
    url         = {},
    note        = {Accessed: }
}

@online{oracle2025,
    author  = {Oracle},
    title   = {Java Platform, Standard Edition Security Developerâ€™s Guide, Release 11},
    year    = {2025},
    note    = {Accessed: 16 February 2025},
    url     = {https://docs.oracle.com/en/java/javase/11/security/java-cryptography-architecture-jca-reference-guide.html}
}

@online{apache2025,
    author  = {Apache Software Foundation},
    title   = {Apache Tika 3.1.0 Documentation},
    year    = {2025},
    note    = {Accessed: 16 February 2025},
    url     = {https://tika.apache.org/3.1.0/index.html}
}

@online{ukgdpr2025,
    title   = {United Kingdom General Data Protection Regulation (Art. 32.1.a)},
    year    = {2023},
    note    = {Accessed: 16 February 2025},
    url     = {https://www.legislation.gov.uk/eur/2016/679?view=plain}
}

@article{Nanavati2015,
    author  = {Jay Nanavati and Yogesh Ghodasara},
    title   = {A Comparative Study of Stanford NLP and Apache Open NLP in the view of POS Tagging},
    year    = {2015},
    journal = {International Journal of Soft Computing and Engineering (IJSCE)},
    url     = {https://www.ijsce.org/wp-content/uploads/papers/v5i5/E2744115515.pdf},
    note    = {Accessed: 14 February 2025}
}

@inproceedings{Schmitt2019,
    author      = {Xavier Schmitt and Sylvain Kubler and Jeremy Robert and Mike Papadakis and Yves LeTraon},
    title       = {A Replicable Comparison Study of NER Software: StanfordNLP, NLTK, OpenNLP, SpaCy, Gate},
    booktitle   = {Sixth International Conference on Social Networks Analysis, Management and Security (SNAMS)},
    year        = {2019},
    url         = {https://www.researchgate.net/publication/337977695_A_Replicable_Comparison_Study_of_NER_Software_StanfordNLP_NLTK_OpenNLP_SpaCy_Gate},
    note        = {Accessed: 14 February 2025}
}

@online{iso9241,
    author          = {{International Organization for Standardization}},
    title           = {{ISO 9241-11:2018 Ergonomics of human-system interaction}},
    year            = {2018},
    url             = {https://www.iso.org/standard/63500.html},
    note            = {Accessed: 2025-02-27}
}
